%%
%% Author: TobiasAcc
%% 1/7/2019
%%
@misc{NDeskAnnouncement,
 author = "Jonathan Pryor",
 title = "So you want to parse a command line...",
 year = "2008",
 url = "http://www.jprl.com/Blog/archive/development/mono/2008/Jan-07.html"
}
@misc{NDesk1stRelease,
 author = "Jonathan Pryorr",
 title = "Announcing NDesk.Options 0.1.0",
 year = "2008",
 url = "http://www.jprl.com/Blog/archive/development/ndesk.options/2008/Jan-27.html"
}
@misc{MonoGetOptions3rdBlogPost,
 author = "Jay R. Wren",
 title = ".NET Command Line Options – Mono.GetOptions",
 year = "2006",
 url = "http://jrwren.wrenfam.com/blog/2006/12/04/net-command-line-options-monogetoptions/index.html"
}
@misc{NDeskOptionSetDocumentation,
 author = "Jonathan Pryorr",
 title = "OptionSet Class",
 year = "2008",
 url = "http://www.ndesk.org/doc/ndesk-options/NDesk.Options/OptionSet.html"
}
@misc{NDeskOptionsLastRelease,
 author = "Jonathan Pryorr",
 title = "Announcing NDesk.Options 0.2.1",
 year = "2008",
 url = "http://www.jprl.com/Blog/archive/development/ndesk.options/2008/Oct-20.html"
}
@misc{MonoOptions1stCommit,
 author = "Jonathan Pryorr",
 title = "Add Mono.Options, a command-line helper library.",
 year = "2008",
 url = "https://github.com/mono/mono/commit/3e206c47dd768dc64edd5631c3f93c4888197d90"
}
@misc{MonoFutureInterview,
 author = "John K. Waters",
 title = "Interview with Miguel de Icaza: Xamarin, Attachmate Layoffs, Future of Mono, More",
 year = "2011",
 url = "https://adtmag.com/blogs/watersworks/2011/05/interview-with-miguel-de-icaza.aspx"
}
@misc{MicrosoftBlogAcquireXamarin,
 author = "Scott Guthrie",
 title = "Microsoft to acquire Xamarin and empower more developers to build apps on any device",
 year = "2016",
 url = "https://blogs.microsoft.com/blog/2016/02/24/microsoft-to-acquire-xamarin-and-empower-more-developers-to-build-apps-on-any-device/"
}
@misc{MonoOptionsNuget,
 author = "Xamarin",
 title = "Mono.Options - nuget.org",
 year = "2012",
 url = "https://www.nuget.org/packages/Mono.Options"
}
@misc{FirstCommandLineParserCommit,
 author = "Giacomo Stelluti Scala",
 title = "first git commit",
 year = "2012",
 url = "https://github.com/gsscoder/commandline/commit/499d9e054c84f7ea857c72b93bb08f40619ace822"
}
@misc{CommandLineParserNuget,
 author = "Giacomo Stelluti Scala",
 title = "CommandLineParser - nuget.org",
 year = "2019",
 url = "https://www.nuget.org/packages/CommandLineParser"
}
@misc{CommandLineParserWiki,
 author = "Eric Newton",
 title = "CommandLineParser Wiki",
 year = "2019",
 url = "https://github.com/commandlineparser/commandline/wiki"
}
@misc{RaspiConfigOfficialInfo,
 author = "Raspberry Pi Foundation",
 title = "raspi-config",
 year = "2018",
 url = "https://www.raspberrypi.org/documentation/configuration/raspi-config.md"
}
@misc{NetReleaseInfo,
 author = "Microsoft DOS net command",
 title = "Computer Hope",
 year = "2018",
 url = "https://www.computerhope.com/nethlp.htm"
}
@misc{WMIProgrammingBlogPost,
 author = "Dan Fox",
 title = "Programming with Windows Management Instrumentation",
 year = "2000",
 url = "http://www.informit.com/articles/printerfriendly/19489" }
@misc{NubiaReleaseBlogPost,
 url = "https://blog.hackersonlineclub.com/2018/09/nubia-command-line-and-interactive.html",
 title = "NUBIA- A Command-line And Interactive Shell Framework",
 author = "Priyanshu Sahay",
 year = "2018",
}
@misc{NubiaReadme,
 author = "Madelyn Eriksen",
 url = "https://github.com/facebookincubator/python-nubia/blob/master/README.md",
 title = "python-nubia/README.md",
 year = "2018",
}
@manual{JSONSpec,
    title = {The JSON Data Interchange Syntax},
 year = 2017,
  url = "https://www.ecma-international.org/publications/files/ECMA-ST/ECMA-404.pdf",
 author = "Ecma International",
}
@misc{PropOrFieldSite,
 author = "Tobias Brohl",
 year = 2018,
 title = "PropertyOrFieldInfo",
 url = "https://theminefighter.github.io/PropertyOrFieldInfo/",
}
@misc{JsonNetSite,
 author = "James Newton-King",
 url = "https://www.newtonsoft.com/json",
 title = "Json.NET - Popular high-performance JSON framework for .NET",
}
@misc{AnnotationsNuget,
 url = "https://www.nuget.org/packages/JetBrains.Annotations/",
 author = JetBrains,
 year = 2019,
 title = "JetBrains ReSharper Annotations",
}
@manual{XunitReleaseNotes,
    title = {Release Notes: October 28, 2018},
 url = "https://xunit.github.io/releases/2.4.1",
 year = 2018,
 author = ".Net Foundation",
}
@manual{BashAutoComplete,
    title = {An introduction to bash completion},
 url = "https://debian-administration.org/article/316/An_introduction_to_bash_completion_part_1",
 author = "Steve Kemp",
 year = 2005,
}
@manual{CustomCmdlet,
    title = {How to Write a Custom PowerShell Cmdlet},
 author = "ByteBlocks",
 year = 2009,
 url = "https://www.codeproject.com/Articles/32999/H",
}
@manual{LinuxUnicode,
    title = {Introduction to Unicode — Using Unicode in Linux},
 year = 2004,
 url = "https://michal.kosmulski.org/computing/articles/linux-unicode.html",
 author = "Michał Kosmulski",
}